Error list:
[{"tag":"110$e","description":"Missing sub field 110$e - Relator term"}]
LEADER 01549nam a2200361 a 4500
001 28511
003 NIH
005 20250521174159.0
008 250520b        |||||||| |||| 00| 0 eng d
020   $a978-967-18696-0-4
040   $aNIH$beng$cNIH$erda
084   $aMOH/P/AMA/14.24(GU) - e
090   $aW 215 L549 2015
110   $aMalaysia. Kementerian Kesihatan Malaysia$bLembaga Pembantu Perubatan, Bahagian Amalan Perubatan,
245   $aPOLISI OPERASI UNIT PENYELIAAN PENOLONG PEGAWAI PERUBATAN (HOSPITAL)$cKementerian Kesihatan Malaysia
246   $aLembaga Pembantu Perubatan Kementerian Kesihatan Malaysia
250   $aEdisi pertama Mac 2015
264  1$aPutrajaya$bLembaga Pembantu Perubatan, Bahagian Amalan Perubatan, Kementerian Kesihatan Malaysia,$c2015
300   $a 1 online resource (46 pages)$bcharts
336   $atext$2rdacontent
337   $acomputer$2rdamedia
338   $aonline resource$2rdacarrier
504   $aIncludes appendices
610   $aKementerian Kesihatan Malaysia$bUnit Penyeliaan Penolong Pegawai Perubatan (Hospital)
650   $aPhysician Assistants  $vHandbooks, manuals, etc.$zMalaysia
650   $aDoctor's Assistant  $vHandbooks, manuals, etc.$zMalaysia
650   $aMedical personnel$xGovernment policy $z Malaysia
650   $aGovernment publications $zMalaysia
710   $aMalaysia. Kementerian Kesihatan $bLembaga Pembantu Perubatan
856   $3https://moh-idepository.nih.gov.my/uploadbahan/Polisi_Operasi.pdf
942   $2NLM$n0$cREF
999   $c28511$d28511
999   $aKB

Error list:
[{"tag":"110$e","description":"Missing sub field 110$e - Relator term"}]
