LEADER 01396nam a2200349 a 4500
001 28510
003 NIH
005 20250521164317.0
008 250520b        |||||||| |||| 00| 0 eng d
020   $a978-967-18696-0-4
040   $aNIH$beng$cNIH$erda
084   $aMOH/P/AMA/14.24(GU) - e
090   $aWJ 39 H134 2020
110   $aMalaysia. Ministry of Health$bMedical Assistants Board
245   $aStandard Operating Procedures For Assistant Medical Officers in Haemodialysis$cMinistry of Health Malaysia
246   $aHaemodialysis
250   $aSecond edition
264  1$aPutrajaya$bMedical Assistants Board, Ministry of Health Malaysia, Federal Government Administrtive Centre$c2020
300   $a 1 online resource (94 pages)$bcolor illustrations, charts
336   $atext$2rdacontent
337   $acomputer$2rdamedia
338   $aonline resource$2rdacarrier
504   $aIncludes appendices
610   $aMinistry of Health Malaysia$bMedical Assistants Board
650   $aHemodialysis Units, Hospital $vHandbooks, manuals, etc.$zMalaysia
650   $aRenal Dialysis$vHandbooks, manuals, etc.
650   $aGovernment publications $zMalaysia
710   $aMalaysia. Ministry Of Health$bMedical Assistants Board
856   $3https://moh-idepository.nih.gov.my/uploadbahan/Hemodialysis_2nd_final_171120_01.pdf
942   $2NLM$n0$cREF
999   $c28510$d28510
999   $aKB

Error list:
[{"tag":"110$e","description":"Missing sub field 110$e - Relator term"}]
