LEADER 01228nam a2200313 a 4500
001 28509
003 NIH
005 20250521162759.0
008 250520b        |||||||| |||| 00| 0 eng d
020   $a978-967-18696-0-4
040   $aNIH$beng$cNIH$erda
084   $aMOH/P/AMA/14.24(GU) - e
090   $a 2020
110   $aMalaysia. Ministry of Health$bAssistant Medical Officers Services Section
245   $aSTANDARD OPERATING PROCEDURE FOR MEDICAL ASSISTANT IN EMERGENCY DEPARTMENT$cMinistry of Health Malaysia
264  1$aPutrajaya$bMedical Assistants Board, Ministry of Health Malaysia, Federal Government Administrtive Centre$c2023
300   $a 1 online resource (94 pages)$bcolor illustrations, charts
336   $atext$2rdacontent
337   $acomputer$2rdamedia
338   $aonline resource$2rdacarrier
504   $aIncludes appendices
610   $aMinistry of Health Malaysia$bMedical Assistants Board
650   $aHemodialysis$vHandbooks, manuals, etc.$zMalaysia
650   $aMedical protocols $vHandbooks, manuals, etc.
650   $aGovernment publications $zMalaysia
710   $aMalaysia. Ministry Of Health$bMedical Assistants Board
942   $2NLM$n0$cREF
999   $c28509$d28509
999   $aKB

Error list:
[{"tag":"110$e","description":"Missing sub field 110$e - Relator term"}]
