LEADER 01688nam a2200361 a 4500
001 28508
003 NIH
005 20250521154659.0
008 250520b        |||||||| |||| 00| 0 eng d
020   $ae ISBN 978-967-18696-4-2
040   $aNIH$beng$cNIH$erda
084   $aMOH/P/AMA/14.24(GU) - e
090   $a 2024
110   $aMalaysia. Ministry of Health$bAssistant Medical Officers Services Section
245   $aStandard Practice Guidelines for Assistant Medical Officer in Emergency Medicine and Trauma Services$cEmergency Medicine and Trauma Services, Ministry of Health Malaysia
246   $aStandard Practice Guidelines For AMO in EMTS MOH
264  1$aPutrajaya$bAssistant Medical Officers Services Section, Medical Practice Division, Ministry of Health Malaysia$c2023
300   $a 1 online resource (xix 127 pages)$bcolor illustrations, tables, charts
336   $atext$2rdacontent
337   $acomputer$2rdamedia
338   $aonline resource$2rdacarrier
504   $aIncludes appendices
610   $aMinistry of Health Malaysia$bAssistant Medical Officers Services in Emergency Medicine and Trauma Services
650   $aEmergency medicine$vHandbooks, manuals, etc.
650   $aEmergency medical services$vHandbooks, manuals, etc.$zMalaysia
650   $aMedical protocols $vHandbooks, manuals, etc.
650   $aTraumatology$vHandbooks, manuals, etc.
650   $aGovernment publications $zMalaysia
710   $aMalaysia. Ministry Of Health$bAssistant Medical Officers Services Section
856   $uhttps://moh-idepository.nih.gov.my/uploadbahan/EmergencyMedicineandTraumaServices.pdf
942   $2NLM$n0$cREF
999   $c28508$d28508
999   $aKB

Error list:
[{"tag":"110$e","description":"Missing sub field 110$e - Relator term"}]
