LEADER 01899nam a2200385 a 4500
001 28507
003 NIH
005 20250521151655.0
008 250520b        |||||||| |||| 00| 0 eng d
020   $ae ISBN 978-967-18696-4-2
022   $2WW 21 OP61 2024
040   $aNIH$beng$cNIH$erda
084   $aMOH/P/AMA/14.24(GU) - e
090   $aWO 231 AN532 2024
110   $aMalaysia. Ministry of Health$bAssistant Medical Officers Services Section
245   $aSTANDARD PRACTICE GUIDELINES ASSISTANT MEDICAL OFFICERS IN ANAESTHESIA & INTENSIVE CARE SERVICES$cCAWANGAN PERKHIDMATAN PENOLONG PEGAWAI PERUBATAN$pANAESTHETIC ASSISTANT & TECHNOLOGISTS (AAT)$p INTENSIVE CARE TECHNOLOGISTS (ICT)
246   $aOPHTHALMOLOGY 
264  1$aPutrajaya$bAssistant Medical Officers Services Section, Medical Practice Division, Federal Government Administrative Centre$c2022
300   $a 1 online resource (xiii, 295 pages)$bcharts
336   $atext$2rdacontent
337   $acomputer$2rdamedia
338   $aonline resource$2rdacarrier
504   $aIncludes references
610   $aMinistry of Health Malaysia$bAssistant Medical Officers Services in Anesthesia & Intensive Care Services
611   $aMinistry of Health Malaysia$tAnaesthetic Assistant & Technologists (AAT)
611   $aMinistry of Health Malaysia$tIntensive Care Technologists (ICT)
650   $aAnesthesia  $vHandbooks, manuals, etc.
650   $aAnesthesiology$vHandbooks, manuals, etc.$zMalaysia
650   $aMedical protocols $vHandbooks, manuals, etc.
650   $aGovernment publications $zMalaysia
710   $aMalaysia. Ministry Of Health$bAssistant Medical Officers Services Section
856   $uhttps://moh-idepository.nih.gov.my/uploadbahan/Standard_Practice_Guidelines_Assistant_medical_Officer_In_Anaessthesia_&_Intensive_Care_Services.pdf
942   $2NLM$n0$cREF
999   $c28507$d28507
999   $aKB

Error list:
[{"tag":"110$e","description":"Missing sub field 110$e - Relator term"}]
