LEADER 01503nam a2200349 a 4500
001 28506
003 NIH
005 20250521150330.0
008 250520b        |||||||| |||| 00| 0 eng d
020   $ae ISBN 978-967-18696-4-2
040   $aNIH$beng$cNIH$erda
084   $aMOH/P/AMA/14.24(GU) - e
090   $aWW 21 OP61 2024
110   $aMalaysia. Ministry of Health$bAssistant Medical Officers Services Section, Medical Practice Division
245   $aSTANDARD PRACTICE GUIDELINES FOR ASSISTANT MEDICAL OFFICERS IN OPHTHALMOLOGY$cCAWANGAN PERKHIDMATAN PENOLONG PEGAWAI PERUBATAN
246   $aOPHTHALMOLOGY 
264  1$aPutrajaya$bAssistant Medical Officers Services Section, Medical Practice Division, Federal Government Administrative Centre$c2024
300   $a 1 online resource (xiii, 295 pages)$bcharts
336   $atext$2rdacontent
337   $acomputer$2rdamedia
338   $aonline resource$2rdacarrier
504   $aIncludes references
610   $aMinistry of Health Malaysia$bAssistant Medical Officers Services
650   $aOphthalmology $vHandbooks, manuals, etc.$zMalaysia
650   $aOptometry$vHandbooks, manuals, etc.
650   $aMedical protocols $vHandbooks, manuals, etc.
650   $aGovernment publications $zMalaysia
710   $aMalaysia. Ministry Of Health$bAssistant Medical Officers Services Section
856   $uhttps://moh-idepository.nih.gov.my/uploadbahan/Buku_Ophtalmology_(2).pdf
942   $2NLM$n0$cREF
999   $c28506$d28506
999   $aKB

Error list:
[{"tag":"100$e","description":"Missing sub field 100$e - Relator term"}]
