LEADER 01297nam a2200337 a 4500
001 28505
003 NIH
005 20250619124025.0
008 250520b        |||||||| |||| 00| 0 eng d
040   $aNIH$beng$erda
084   $aMOH/S/IKU/235.24(PT)
090   $aWU 113 N974 2024
100   $aNur Elina Abdul Mutalib
245   $aRESEARCH HIGHLIGHT$bCare or Care Less? Oral Healthcare Utilisation among Adults$cMinistry of Health Malaysia Institute for Public Health
246   $aThis research highlight is based on$bNHMS 2015, 2019 & 2023 — Non Communicable Diseases and Healthcare Demand
264  1$aSetia Alam, Shah Alam, Selangor$bInstitute for Public Health (IKU)$c2024
300   $a1 online resource (2pages)$bcolor illustrations
336   $atext$2rdacontent
337   $acomputer$2rdamedia
338   $aonline resource$2rdacarrier
504   $aBibliography: page 2
650   $aOral Health$xResearch$vPeriodicals
650   $aMedical care$zMalaysia$vPeriodicals
650   $aGovernment publications$zMalaysia$vPeriodicals
700   $aKalvina Chelladorai
700   $aNur Azmiah Zainuddin
700   $aNurulasmak Mohamed
856   $uhttps://libadmin.nih.gov.my/cgi-bin/koha/cataloguing/addbiblio.pl
942   $2NLM$n0$cREF
999   $c28505$d28505
999   $aKB

Error list:
[{"tag":"100$e","description":"Missing sub field 100$e - Relator term"}]
