LEADER 01328nam a2200349 a 4500
001 28504
003 NIH
005 20250619121213.0
008 250520b        |||||||| |||| 00| 0 eng d
040   $aNIH$beng$erda
084   $aMOH/S/IKU/236.24(PT)
090   $aQZ 185 K61 2024
100   $aKishwen Kanna Yoga Ratnam
245   $aRESEARCH HIGHLIGHT $bThe NCD Epidemic Young and Undiagnosed$cMinistry of Health Malaysia Institute for Public Health
246   $aThis summary is based on:$bNHMS 2023: Non-Communicable Diseases and Healthcare Demand
264  1$aSetia Alam, Shah Alam, Selangor$bInstitute for Public Health (IKU)$c2024
300   $a1 online resources (2 pages)$bcolor illustrations
336   $atext$2rdacontent
337   $acomputer$2rdamedia
338   $aonline resource$2rdacarrier
504   $aBibliography: page 2
650   $aNoncommunicable Diseases$xResearch$vPeriodicals
650   $aMedical care$zMalaysia$vPeriodicals
650   $aGovernment publications$zMalaysia$vPeriodicals
700   $aKim Sui Wan
700   $aTania Gayle Robert Lourdes,
700   $aHalizah Mat Rifin
710   $aMalaysia. Ministry of Health$bInstitute for Public Health
856   $uhttps://moh-idepository.nih.gov.my/uploadbahan/NCD.pdf
942   $2NLM$cREF$n0
999   $c28504$d28504
999   $aKB

Error list:
[{"tag":"6XX","description":"Missing tag 6XX - SUBJECT ACCESS"}]
