LEADER 00938nam a2200265 i 4500
001 28502
003 NIH
005 20250520104349.0
008 250520s1993    |||||||  m|||o00| 0 eng d
040   $aNIH$beng$cNIH$erda
060   $aQW540
090   $aQW540 $bB724 1993
100 1 $aPrechatangkit, Boonlert$eauthor
245 00$aHUMORAL AND CELL MEDIATED IMMUNE RESPONSES TO EXPERIMENTAL INFECTIONS OF SCHISTOSOMA SPINDALE IN BALB/c MICE/$cBOONLERT PRECHATANGKIT
264  1$aKuala Lumpur :$bInstitute of Medical Research,$c1993
300   $a53 pages :$bIllustrations;$c30 cm
336   $atext$2rdacontent
337   $aunmediated$2rdamedia
338   $avolume$2rdacarrier
502   $aThesis (Diploma in Applied Parasitology and Entomology)-Institute for Medical Research, September 1993.
504   $aIncludes Bibliographical pages [47-51]
942   $2NLM$cREF
999   $c28502$d28502
999   $aDAPE000407
999   $aDAPE000408

Error list:
[{"tag":"110$e","description":"Missing sub field 110$e - Relator term"}]
