LEADER 01560nam a2200409 a 4500
001 28501
003 NIH
005 20250619121558.0
008 250516b        |||||||| |||| 00| 0 eng d
024   $qMOH/S/IKU/233.24(PT)
040   $aNIH$ceng$dNIH$erda
082   $aWI 710 K49 2024
110   $aInstitute for Public Health 
245   $aRESEARCH HIGHLIGHT $bLIVER MATTERS: THE HIGH BURDEN OF METABOLIC DYSFUNCTION-ASSOCIATED FATTY LIVER DISEASE (MAFLD) IN MALAYSIA$cMinistry of Health Malaysia Institute for Public Health
246   $aThis document is based on:$bThe prevalence of metabolic syndrome and metabolic dysfunction-associated fatty liver in Malaysia 2023
264   $aSetia Alam, Selangor$bInstitute for Public Health (IKU)$c2024
300   $a1 online resource (2 pages)$bcolour illustrations
336   $2rdacontent$atext
337   $2rdamedia$acomputer
338   $2rdacarrier$aonline resource
500   $aBibliography: page 4
650   $aFatty Liver
650   $aLiver $xDiseases
650   $aMetabolic Syndrome
700   $aKim Sui Wan
700   $aHalizah Mat Rifin
700   $aKishwen Kanna Yoga Ratnam
700   $aMuhammad Fadhli Mohd Yusoff
700   $aShubash Shander Ganapathy
700   $aNur Rabia'tula Dawiyah Rahim
700   $aNorafiqah Shahirah Ayob
700   $aNoor Ani Ahmad
710   $aMalaysia. Ministry of Health$bInstitute for Public Health
856   $uhttps://moh-idepository.nih.gov.my/uploadbahan/rh-mafld.pdf
942   $2NLM$n0$cREF
998   $aKB
999   $c28501$d28501

Error list:
[{"tag":"05X/06X/07X/08X/09X","description":"Missing tag 05X/06X/07X/08X/09X - Classification Number"},{"tag":"300","description":"Missing tag 300 - PHYSICAL DESCRIPTION"},{"tag":"6XX","description":"Missing tag 6XX - SUBJECT ACCESS"}]
