LEADER 01284nam a2200325 a 4500
001 28500
003 NIH
005 20250516171218.0
008 250516b        |||||||| |||| 00| 0 eng d
024   $qMOH/S/IKU/233.24(PT)
040   $aNIH$ceng$dNIH$erda
100   $aKim Sui Wan
110   $aInstitute for Public Health 
245   $aLIVER MATTERS: THE HIGH BURDEN OF METABOLIC DYSFUNCTION-ASSOCIATED FATTY LIVER DISEASE (MAFLD) IN MALAYSIA$bRESEARCH HIGHLIGHT$cMinistry of Health Malaysia Institute for Public Health$nNMRR-22-0284-GUT
246   $aThis document is based on:$bThe prevalence of metabolic syandrome and metabolic dysfunction-associated fatty liver in Malaysia 2023
264   $aSetia Alam, Selangor$bInstitute for Public Health (IKU)$c2024
336   $2rdacontent$atext
337   $2rdamedia$aunmediated
338   $2rdacarrier$avolume
500   $aBibliography: page 4
700   $aHalizah Mat Rifin
700   $aKishwen Kanna Yoga Ratnam
700   $aMuhammad Fadhli Mohd Yusoff
700   $aShubash Shander Ganapathy
700   $aNur Rabia'tula Dawiyah Rahim
700   $aNorafiqah Shahirah Ayob
700   $aNoor Ani Ahmad
856   $uhttps://moh-idepository.nih.gov.my/uploadbahan/rh-mafld.pdf
942   $2NLM$n0$cREF
999   $c28500$d28500

Error list:
[{"tag":"110$e","description":"Missing sub field 110$e - Relator term"}]
