LEADER 03297nam a2200541 a 4500
001 28499
003 NIH
005 20250520101307.0
008 250513b        |||||||| |||| 00| 0 eng d
020   $aeISBN 978-967-26135-7-2
040   $aNIH$beng$cNIH$erda
084   $aMOH/P/PAK/544.24(GU)- e
090   $aWB 101  B793 2024
110   $aKementerian Kesihatan Malaysia$bBahagian Perkembangan Perubatan
245   $aGARIS PANDUAN PERKHIDMATAN OUTPATIENT PARENTERAL ANTIMICROBIAL THERAPY (OPAT) DI HOSPITAL KEMENTERIAN KESIHATAN MALAYSIA
250   $aEDISI PERTAMA$bTAHUN 2024
264  1$aPutrajaya$bUnit Perkhidmatan Perubatan, Cawangan Perkembangan Perkhidmatan Perubatan, Bahagian Perkembangan Perubatan, Kementerian Kesihatan Malaysia $c2024
300   $a1 online resource (50 pages)
336   $atext$2rdacontent
337   $acomputer$2rdamedia
338   $aonline resource$2rdacarrier
504   $aBibliography: page 47
650   $aAmbulatory care $vHandbooks, manuals, etc.
650   $aOutpatient care
650   $aOutpatient Health Services 
700   $aDato’ Dr Ker Hong Bee$cPakar Perunding Perubatan Dalaman dan Penyakit Berjangkit Hospital Raja Permaisuri Bainun, Ipoh
700   $aDr Rahela Ambaras Khan$cPegawai Farmasi Hospital Kuala Lumpur
700   $aDr Nor Arisah Misnan$cPakar Perubatan Dalaman dan Penyakit Berjangkit Hospital Sungai Buloh
700   $aDr Azureen Azmel$cPakar Perubatan Dalaman dan Penyakit Berjangkit Hospital Tengku Ampuan Rahimah, Klang
700   $aDr Noridah Nordin$cPakar Perubatan Dalaman dan Penyakit Berjangkit Hospital Raja Perempuan Zainab II, Kota Bharu
700   $aDr Lee Heng Gee$cPakar Perubatan Dalaman dan Penyakit Berjangkit Hospital Queen Elizabeth 1, Kota Kinabalu
700   $aDr Azraai Nasruddin$cPakar Perunding Perubatan Dalaman dan Endokrinologi Hospital Putrajaya
700   $aDr Syamhanin Adnan$cPegawai Farmasi Hospital Sungai Buloh
700   $aPn. Mardhiyah Kamal$cKetua Penolong Pengarah Kanan Bahagian Amalan & Perkembangan Farmasi KKM
700   $aPuan Afra Nahdia Marizan Nor$cPegawai Farmasi Hospital Sungai Buloh
700   $aPuan Siti Mahanim Shaik Ismail$cPegawai Farmasi Hospital Tengku Ampuan Rahimah, Klang
700   $aNurul Hidayah Awang$cKetua Penolong Pengarah Kanan Bahagian Amalan & Perkembangan Farmasi KKM
700   $aDr Shahanizan Mohd Zin$cKetua Penolong Pengarah Kanan Bahagian Perkembangan Perubatan KKM
700   $aDr Nur Shaheera Shaharuddin$cKetua Penolong Pengarah Kanan Bahagian Perkembangan Perubatan KKM
700   $aSaiful Bahari Mohamad Shah$cPenolong Pegawai Perubatan Bahagian Amalan Perubatan
700   $aAlias Abu Hassan$cPenolong Pegawai Perubatan Bahagian Amalan Perubatan
700   $aMohamad Sufian Ahmad$cPenolong Pegawai Perubatan Hospital Sungai Bulo
710   $aMalaysia$bKementerian Kesihatan Malaysia$bBahagian Perkembangan Perubatan$eissuing body
711   $a Jawatankuasa Pembangunan Garis Panduan Perkhidmatan Outpatient Antimicrobial Parenteral Antimicrobial Therapy (OPAT) Di Hospital Kementerian Kesihatan Malaysia. 
856   $uhttps://moh-idepository.nih.gov.my/uploadbahan/GARIS_PANDUAN_PERKHIDMATAN_OPAT_DI_HOSPITAL_KKM.pdf
942   $2NLM$n0$cREF
999   $c28499$d28499
999   $aKB

Error list:
[{"tag":"100$e","description":"Missing sub field 100$e - Relator term"}]
