LEADER 00983nam a2200289 i 4500
001 28497
003 NIH
005 20250513104438.0
008 250513s1993    |||||||  m|||o00| 0 eng d
040   $aNIH$beng$cNIH$erda
060   $aWC725
090   $aWC725$bD716 1993
100 1 $aBalbuena, Dorris Dimaandal
245 00$aHUMORAL CHANGES IN MACACA FASCICULARIS INFECTED WITH RH AND CYST STRAIN OF TOXOPLASMA GONDII/$cDORRIS  DAMAANDAL BALBUENA
264  1$aKuala Lumpur :$bInstitute for Medical Research;$c1993
300   $a42 Pages :$bIllustrations;$c30 cm
336   $atext$2rdacontent
337   $aunmediated$2rdamedia
338   $avolume$2rdacarrier
502   $aThesis (Diploma in Applied Parasitology and Entomology)-Institute for Medical Research, September 1993
504   $aIncludes bibliographical pages [37-38]
650  2$aToxoplasmosis
650  2$aHumoral Immunity
942   $2NLM$cREF
999   $c28497$d28497
999   $aDAPE000409
999   $aDAPE000410

Error list:
[{"tag":"110$e","description":"Missing sub field 110$e - Relator term"}]
