LEADER 01542nam a2200397 a 4500
001 28496
003 NIH
005 20250519163954.0
008 250507b        |||||||| |||| 00| 0 eng d
022   $ae ISSN 3030- 63 61
040   $aNIH$ceng$dNIH$erda
082   $a615.880959505 MKKBPT 
090   $aWB 890 T252 2024
110   $aMalaysia. Ministry of Health. Traditional and Complementary Medicine Division. Profesion Development Section
245   $aLAPORAN TAHUNAN$cBAHAGIAN PERUBATAN TRADISIONAL DAN KOMPLEMENTARI$n2023
264   $aKuala Lumpur$bBahagian Perubatan Tradisional dan Komplementari, Cawangan Pembangunan Profesion$c2024
300   $aonline resources$bcolour illustrations, colour photographs
336   $2rdacontent$atext
337   $2rdamedia$acomputer
338   $2rdacarrier$aonline resource
610   $aMalaysia. Kementerian Kesihatan. Bahagian Perubatan Tradisional dan Komplementari $vPeriodicals
650   $aComplementary Therapies$zMalaysia$vPeriodicals
650   $aAlternative medicine $zMalaysia $vPeriodicals
650   $aTraditional medicine$zMalaysia $vPeriodicals
700   $aDr. Goh Cheng Soon
700   $aDr. Dyanan Puvanandran
700   $aHalimah binti Zaharudin
700   $aDr. Gan Fen Fang
700   $aCatherine Benedict
700   $aGong Jia Ying
700   $aTineshwaran Velvanathan
700   $aVicky Aw Yong
856   $uhttps://moh-idepository.nih.gov.my/uploadbahan/LT_2023_BM_(Final).pdf
942   $2NLM$n0$cREF
998   $aKB
999   $c28496$d28496

Error list:
[{"tag":"110$e","description":"Missing sub field 110$e - Relator term"}]
