LEADER 02434nam a2200421 a 4500
001 28494
003 NIH
005 20250520162557.0
008 250505b        |||||||| |||| 00| 0 eng d
040   $aNIH$beng$cNIH$erda
084   $aMOH/P/PK18.24(BUL)-e
090   $aWK 802 SI623 2024
100   $aSiti Fauziah binti Abu$cKetua Cawangan Amalan dan Perkembangan Farmasi$eChief editor
110   $aPerak. Jabatan Kesihatan Negeri $bJawatankuasa Keselamatan Pengubatan, Bahagian Perkhidmatan Farmasi Perak
245   $aMEDICATION SAFETY NEWSLETTER$cPHARMACEUTICAL SERVICES DIVISION, PERAK STATE HEALTH DEPARTMENT$n(Volume 1)$pIssue 2/2024
264   $aIpoh, Perak$bJawatankuasa Keselamatan Pengubatan, Bahagian Perkhidmatan Farmasi Perak $c2024
300   $a1 online resource (5 pages)$bcolor illustrations
336   $2rdacontent$atext
337   $2rdamedia$acomputer
338   $2rdacarrier$aonline resource
504   $aBibliography: page 5.
610   $aJabatan Kesihatan Negeri Perak$bJawatankuasa Keselamatan Pengubatan, Bahagian Perkhidmatan Farmasi Perak $vPeriodicals
650   $aInsulin$xSafety measures$zMalaysia$vPeriodicals
650   $aPharmacy Service, Hospital $zMalaysia$vPeriodicals
700   $aNormi binti Hamdan$cPegawai Farmasi Hospital Raja Permaisuri Bainun$eCo-chief editor
700   $aWan Azuati binti Wan Omar$cKetua Pegawai Farmasi Hospital Parit Buntar$eSub-editor
700   $aNorirmawath binti Saharuddin$cKetua Penolong Pengarah Kanan Bahagian Perkhidmatan Farmasi Perak
700   $aJason Lee Choong Yin$cKetua Penolong Pengarah Kanan Bahagian Perkhidmatan Farmasi Perak
700   $aRayme Rezza bin Azmi$cKetua Penolong Pengarah Kanan Bahagian Perkhidmatan Farmasi Perak
700   $aKalaivani a/p Chandira Kumaran$cPegawai Farmasi Hospital Parit Buntar
700   $aMohamad Asyraf bin Zabidi$cPegawai Farmasi Hospital Parit Buntar
700   $aKaizhah binti Bashir Ahmad$cPegawai Farmasi Hospital Parit Buntar
710   $aMalaysia$bBahagian Perkhidmatan Farmasi Perak$bJawatankuasa Keselamatan Pengubatan
856   $uhttps://moh-idepository.nih.gov.my/uploadbahan/(MOH.P.PK.18.24.BUL.e-)_-_Perak_Med_Safety_Newsletter_Vol_1_Issue_2_2024_-_Insulin.pdf
856   $uhttps://moh-idepository.nih.gov.my/uploadbahan/Perak_Med_Safety_Newsletter_Vol_1_Issue_3_2024_-_Medication_Administration.pdf
942   $2NLM$n0$cREF
999   $c28494$d28494
999   $aKB

Error list:
[{"tag":"110$e","description":"Missing sub field 110$e - Relator term"}]
