LEADER 01382nam a2200325 a 4500
001 28492
003 NIH
005 20250519154759.0
008 250505b        |||||||| |||| 00| 0 eng d
020   $aE-ISBN 978-967-25780
040   $aNIH$beng$cNIH$erda
084   $aMOH/P/PAK/542.24(GU) - e
090   $aQU 325 H697 2024
110   $aMinistry of Health Malaysia$bObstetrics & Gynaecology and Paediatric Services Unit, Medical Services Development Section, Medical Development Division
245   $aGUIDELINES ON STEM CELL AND CELL-BASED RESEARCH AND THERAPY $cMEDICAL DEVELOPMENT DIVISION
250   $a3rd edition$b1st Edition – December 2006 2nd Edition – July 2009
264   $aPutrajaya$bMedical Development Division, Ministry of Health Malaysia $c2024
300   $a84 pages$bcolor illustrations$c30 cm
336   $2rdacontent$atext
337   $2rdamedia$acomputer
338   $2rdacarrier$aonline resource
504   $aBibliography: page 56-72
610   $aMalaysia. Ministry of Health $bMedical Development Division
611   $aNational Committee on Ethics of Cell Research and Therapy (NCERT)
650   $aStem Cells$vGuidelines$zMalaysia
710   $aMalaysia
856   $uhttps://moh-idepository.nih.gov.my/uploadbahan/DRAF_4_LAYOUT_Guidelines_on_Stem_Cell_3rd_Edition_PDF_(2)_(1).pdf
942   $2NLM$n0$cREF
999   $c28492$d28492
999   $aKB

Error list:
[{"tag":"110$e","description":"Missing sub field 110$e - Relator term"}]
