LEADER 01610nam a2200313 a 4500
001 28488
003 NIH
005 20250520123254.0
008 250422b        |||||||| |||| 00| 0 eng d
020   $a978-967-2854-41-8
040   $aNIH$beng may$cNIH$erda
084   $a615.1068 $bMOD
090   $aQV 737$bM692 2024
110   $aMalaysia. Kementerian Kesihatan$bBahagian Amalan dan Perkembangan Farmasi$bCawangan Pengurusan Farmasi Logistik
245   $aMODUL LATIHAN FARMASI LOGISTIK$bPENGENALAN ASAS PENGURUSAN FARMASI LOGISTIK$cBahagian Amalan dan Perkembangan Farmasi, Kementerian Kesihatan Malaysia
264  1$aPetaling Jaya, Selangor$bCawangan Pengurusan Farmasi Logistik, Bahagian Amalan dan Perkembangan Farmasi $c2024
300   $a1 online resource (84 pages)$bcolour illustrations
336   $atext$2rdacontent
337   $acomputer$2rdamedia
338   $aonline resource$2rdacarrier
500   $aIncludes questions and exercises
610   $aKementerian Kesihatan Malaysia$bBahagian Amalan dan Perkembangan Farmasi, Cawangan Pengurusan Farmasi Logistik$vHandbooks, manuals, etc.
650   $aPharmacy administration$zMalaysia$vHandbooks, manuals, etc.
700   $aNajwa Sakinah binti Hassan ‘As’ari $cPegawai Farmasi Hospital Bentong$eeditor
710   $aMalaysia. Kementerian Kesihatan $bBahagian Amalan dan Perkembangan Farmasi$bCawangan Pengurusan Farmasi Logistik
856   $uhttps://moh-idepository.nih.gov.my/uploadbahan/Modul_Latihan_Farmasi_Logistik_-_Pengenalan_Asas_Pengurusan_Farmasi_Logistik_2024.pdf
942   $2NLM$n0$cREF
999   $c28488$d28488
999   $aKB

Error list:
[{"tag":"110$e","description":"Missing sub field 110$e - Relator term"}]
