LEADER 01200nam a2200265 a 4500
001 28487
003 NIH
005 20250422171601.0
008 250422b        |||||||| |||| 00| 0 eng d
040   $aNIH$beng may$cNIH$erda
084   $aMOH/F/FAR/125.24(GU) - e
090   $aWA 240$bG232 2024
110   $aMalaysia$bMinistry of Health
245   $aGARIS PANDUAN PELAKSANAAN PENGKOMPAUNAN KESALAHAN DI BAWAH AKTA RACUN 1952 DAN PERATURAN-PERATURANNYA$cBAHAGIAN PENGUATKUASAAN FARMASI KEMENTERIAN KESIHATAN MALAYSIA$nTERHAD
264  1$aPetaling Jaya, Selangor$bBahagian Penguatkuasaan Farmasi Kementerian Kesihatan Malaysia$c2024
300   $aonline resource (49 pages)$bcolor illustrations, tables.
336   $atext$2rdacontent
337   $acomputer$2rdamedia
338   $aonline resource$2rdacarrier
650   $a615.1068 $b MOD $d MDtl$vGuideline$xLaw and legislation$zMalaysia
710   $aMalaysia$bKementerian Kesihatan $bBahagian Penguatkuasaan Farmasi
856   $uhttps://moh-idepository.nih.gov.my/uploadbahan/Garis_Panduan_Pelaksanaan_Pengkompaunan_Kesalahan_di_bawah_Akta_366_dan_Peraturan-Peraturannya_04.pdf
942   $2NLM$cREF$n0
999   $c28487$d28487
999   $aKB00000001D

Error list:
[{"tag":"100$e","description":"Missing sub field 100$e - Relator term"}]
