LEADER 01801nam a2200421 a 4500
001 28486
003 NIH
005 20250422173713.0
008 250421b        |||||||| |||| 00| 0 eng d
040   $aNIH$beng$cNIH$erda
084   $aMOH/S/NIH/22.24(GU) - e
090   $aWA 54$bC169 2024
100   $aDr Calyn Tan Jen Ai 
245   $aGUIDELINES ON PATIENT REGISTRY ESTABLISHMENT AND IMPLEMENTATION$bIN MINISTRY OF HEALTH MALAYSIA$cNational Institutes of Health$nBASED ON CURRENT BEST PRACTICES
250   $a1st edition$b2024
264  1$aShah Alam, Selangor$bRegistry Data and Information Governance Committee, Office of NIH Manager, National Institutes of Health$c2024
300   $aonline resource (86 pages)$bcolour illustrations, tables, 
336   $atext$2rdacontent
337   $acomputer$2rdamedia
338   $aonline resource$2rdacarrier
610   $aMalaysia$bRegistry Data and Information Governance Committee$vGuideline
650   $aPatient monitoring$vGuideline$zMalaysia
650   $aPatients$xMedical care$xResearch$zMalaysia
700   $aDr Murizal bin Zainol 
700   $aDr Nuraidah binti Mohd Marzuki 
700   $aDr Mohd Azahadi bin Omar
700   $aDr Muhd Zulfadli Hafiz bin Ismail 
700   $aMohd Kamarulariffin bin Kamarudin 
700   $aDr Hammad Fahli bin Sidek 
700   $aDr Lew Kian Nian 
700   $aDr Nabilah Hanis binti Zainuddin 
700   $aNor Anita binti Affandi 
700   $aNurul Atifah binti Mohamad Zake 
710   $aMalaysia$bMinistry of Health $bNational Institutes of Health
856   $uhttps://moh-idepository.nih.gov.my/uploadbahan/Guidelines_on_Patient_Registry_Establishment_and_Implementation_in_Ministry_of_Health_Malaysia_(1).pdf
942   $2NLM$cREF$n0
999   $c28486$d28486
999   $aKB

Error list:
[{"tag":"6XX","description":"Missing tag 6XX - SUBJECT ACCESS"}]
