LEADER 00703nam a2200217 a 4500
001 28485
003 NIH
005 20250421121752.0
008 250421b2016    my a|||| |||| 00| 0 eng d
040   $aNIH$beng$erda
090 00$aKM00974$dLIBRARY NIH
245   $aEVALUATION OF THE IMPLEMENTATION OF “KOMUNITI SIHAT PEMBINA NEGARA” (KOSPEN) PROGRAMME IN MALAYSIA 2016
264  1$aINSTITUTE FOR PUBLIC HEALTH | KOSPEN $bINSTITUTE FOR PUBLIC HEALTH | KOSPEN 2016$c2016
300   $aComputer disc;$c12 cm
336   $2rdacontent$atext
337   $2rdamedia$aunmediated
338   $2rdacarrier$avolume
856   $uhttps://library.nih.gov.my
942   $2NLM$n0$cREF
999   $c28485$d28485
999   $aKM00974

